@mastersthesis{mastersthesis,
    author       = {Elsabe Ros}, 
    title        = {Forensic Readiness in Mobile Device Management systems},
    school       = {University of Pretoria},
    year         = 2019,
    address      = {South Africa},
    note         = {\textit{Submitted}}
}

